<record><leader>00000cas a22000007a 4500</leader><controlfield tag="001">10715500</controlfield><controlfield tag="008">840510d18681874wiuwr ne      0   a0eng d</controlfield><datafield ind1=" " ind2=" " tag="010"><subfield code="a">sn 84024418 </subfield></datafield><datafield ind1=" " ind2=" " tag="040"><subfield code="a">NPV</subfield><subfield code="b">eng</subfield><subfield code="c">NPV</subfield><subfield code="d">NPU</subfield><subfield code="d">OCLCQ</subfield></datafield><datafield ind1=" " ind2=" " tag="042"><subfield code="a">msc</subfield></datafield><datafield ind1="0" ind2="4" tag="245"><subfield code="a">The Hudson Democrat.</subfield></datafield><datafield ind1=" " ind2=" " tag="260"><subfield code="a">Hudson, Wis. :</subfield><subfield code="b">O.F. Jones</subfield></datafield><datafield ind1=" " ind2=" " tag="300"><subfield code="a">v. :</subfield><subfield code="b">ill. (chiefly advertisements)</subfield></datafield><datafield ind1=" " ind2=" " tag="310"><subfield code="a">Weekly</subfield></datafield><datafield ind1="1" ind2=" " tag="362"><subfield code="a">Began in Oct. 1868; ceased with Dec. 30, 1874 issue.</subfield><subfield code="z">Cf. Oehlerts, d. E. Guide to Wis. newspapers.</subfield></datafield><datafield ind1=" " ind2=" " tag="500"><subfield code="a">Published every Wednesday.</subfield></datafield><datafield ind1=" " ind2=" " tag="500"><subfield code="a">"Devoted to the interests of the St. Croix Valley."</subfield></datafield><datafield ind1=" " ind2=" " tag="500"><subfield code="a">Editor: O.F. Jones.</subfield></datafield><datafield ind1=" " ind2=" " tag="588"><subfield code="a">Description based on: Vol. 1, no. 26 (Apr. 15, 1869).</subfield></datafield><datafield ind1=" " ind2=" " tag="752"><subfield code="a">United States</subfield><subfield code="b">Wisconsin</subfield><subfield code="c">St. Croix</subfield><subfield code="d">Hudson.</subfield></datafield><datafield ind1="0" ind2="5" tag="785"><subfield code="t">True Republican (Hudson, Wis.)</subfield><subfield code="w">(DLC)sn 85033089</subfield></datafield><datafield ind1="1" ind2=" " tag="029"><subfield code="a">AU@</subfield><subfield code="b">000025831532</subfield></datafield></record>